<record><leader>00000cas a22000007a 4500</leader><controlfield tag="001">20366296</controlfield><controlfield tag="008">890919d19uu1977laucr ne      0    0eng d</controlfield><datafield ind1=" " ind2=" " tag="010"><subfield code="a">sn 89059347 </subfield></datafield><datafield ind1=" " ind2=" " tag="040"><subfield code="a">LNP</subfield><subfield code="b">eng</subfield><subfield code="c">LNP</subfield><subfield code="d">ANU</subfield><subfield code="d">OCLCQ</subfield></datafield><datafield ind1=" " ind2=" " tag="042"><subfield code="a">msc</subfield></datafield><datafield ind1="0" ind2=" " tag="130"><subfield code="a">Sun (Hammond, La.)</subfield></datafield><datafield ind1="1" ind2="4" tag="245"><subfield code="a">The Sun.</subfield></datafield><datafield ind1="3" ind2="0" tag="246"><subfield code="a">Sunday sun</subfield></datafield><datafield ind1=" " ind2=" " tag="260"><subfield code="a">Hammond, La. :</subfield><subfield code="b">Nicholas Russell Murray.</subfield></datafield><datafield ind1=" " ind2=" " tag="300"><subfield code="a">v.</subfield></datafield><datafield ind1=" " ind2=" " tag="310"><subfield code="a">Semiweekly,</subfield><subfield code="b">Feb. 3, 1974-1977</subfield></datafield><datafield ind1=" " ind2=" " tag="321"><subfield code="a">Frequency varies,</subfield><subfield code="b">&lt;Sept. 6, 1953&gt;-Jan. 30, 1974</subfield></datafield><datafield ind1="1" ind2=" " tag="362"><subfield code="a">Ceased in 1977.</subfield></datafield><datafield ind1=" " ind2=" " tag="500"><subfield code="a">Published in Covington, La., Dec. 27, 1963; published in Hammond, La., Jan. 3, 1964-Feb. 28, 1973; somtimes also published in Ponchatoula, La., Mar. 5, 1973-</subfield></datafield><datafield ind1=" " ind2=" " tag="500"><subfield code="a">On Sunday published as: Sunday sun, &lt;Sept. 6-27, 1953&gt; in Hammond, and: Feb. 3, 1974-July 4, 1976 in Hammond-Ponchatoula.</subfield></datafield><datafield ind1=" " ind2=" " tag="580"><subfield code="a">Other editions available: Sun (Hammond, La. : Commercial ed.), Sun (Hammond, La. : Home almanac ed.), Sun (Hammond, La. : Independent ed.), Sun (Hammond, La. : News herald ed.), Sun (Hammond, La. : Tangi news ed.), Sun (Hammond, La. : Tribune ed.), etc.</subfield></datafield><datafield ind1=" " ind2=" " tag="588"><subfield code="a">Description based on: Vol. 7, no. 19 (May 11, 1954).</subfield></datafield><datafield ind1=" " ind2="4" tag="651"><subfield code="a">Hammond (La.)</subfield><subfield code="v">Newspapers.</subfield></datafield><datafield ind1=" " ind2=" " tag="752"><subfield code="a">United States</subfield><subfield code="b">Louisiana</subfield><subfield code="c">Tangipahoa</subfield><subfield code="d">Hammond.</subfield></datafield><datafield ind1=" " ind2=" " tag="752"><subfield code="a">United States</subfield><subfield code="b">Louisiana</subfield><subfield code="c">Tangipahoa</subfield><subfield code="d">Ponchatoula.</subfield></datafield><datafield ind1=" " ind2=" " tag="752"><subfield code="a">United States</subfield><subfield code="b">Louisiana</subfield><subfield code="c">Saint Tammany</subfield><subfield code="d">Covington.</subfield></datafield><datafield ind1="1" ind2=" " tag="775"><subfield code="t">Sun (Hammond, La. : Commercial ed.)</subfield></datafield><datafield ind1="1" ind2=" " tag="775"><subfield code="t">Sun (Hammond, La. : Home almanac ed.)</subfield></datafield><datafield ind1="1" ind2=" " tag="775"><subfield code="t">Sun (Hammond, La. : Independent ed.)</subfield></datafield><datafield ind1="1" ind2=" " tag="775"><subfield code="t">Sun (Hammond, La. : News herald ed.)</subfield></datafield><datafield ind1="1" ind2=" " tag="775"><subfield code="t">Sun (Hammond, La. : Tangi news ed.)</subfield></datafield><datafield ind1="1" ind2=" " tag="775"><subfield code="t">Sun (Hammond, La. : Tribune ed.)</subfield></datafield><datafield ind1="0" ind2="0" tag="785"><subfield code="t">Daily sun (Hammond, La.)</subfield><subfield code="w">(DLC)sn 89059346</subfield></datafield><datafield ind1="1" ind2=" " tag="029"><subfield code="a">AU@</subfield><subfield code="b">000020558986</subfield></datafield></record>